@article{Courant1967,
  author  = {Courant, R. and Friedrichs, K. and Lewy, H.},
  journal = {IBM Journal of Research and Development},
  title   = {On the {P}artial {D}ifference {E}quations of {M}athematical {P}hysics},
  year    = {1967},
  volume  = {11},
  number  = {2},
  pages   = {215-234},
  doi     = {10.1147/rd.112.0215},
  issn    = {0018-8646},
  month   = {March}
}

@book{Evans2010,
  author    = {Evans, Lawrence C.},
  isbn      = {978-1-4704-6942-9},
  edition   = {2},
  publisher = {American Mathematical Society},
  title     = {Partial {Differential} {Equations}},
  year      = {2010}
}

@book{Guinot2003,
  author    = {Guinot, V.},
  isbn      = {978-0-4445-4018-8},
  edition   = {1},
  publisher = {Elsevier},
  title     = {Godunov-type {S}chemes: {A}n {I}ntroduction for {E}ngineers},
  year      = {2003}
}

@book{Hirsch2007,
  author    = {Charles Hirsch},
  title     = {Numerical {C}omputation of {I}nternal and {E}xternal {F}lows: {T}he fundamentals of computational fluid dynamics},
  publisher = {Elsevier},
  isbn      = {978-0-7506-6594-0},
  year      = {2007}
}

@book{Lax1973,
  author    = {Peter D. Lax},
  title     = {Hyperbolic {S}ystems of {C}onservation {L}aws and the {M}athematical {T}heory of {S}hock {W}aves},
  doi       = {10.1137/1.9781611970562},
  publisher = {Society for Industrial and Applied Mathematics},
  year      = {1973}
}

@book{Leveque2002,
  author    = {LeVeque, Randall J.},
  isbn      = {978-0-5210-0924-9},
  month     = {aug},
  publisher = {Cambridge University Press},
  title     = {Finite {V}olume {M}ethods for {H}yperbolic {P}roblems},
  year      = {2002}
}

@book{Toro2009,
  author    = {Toro, Eleuterio F.},
  title     = {Riemann Solvers and Numerical Methods for Fluid Dynamics: A Practical Introduction},
  year      = {2009},
  publisher = {Springer Berlin Heidelberg},
  address   = {Berlin, Heidelberg},
  isbn      = {978-3-540-49834-6},
  doi       = {10.1007/b79761_13}
}

@book{Vázquez2015,
  author    = {Vázquez-Cendón, M. Elena},
  title     = {Solving Hyperbolic Equations with Finite Volume Methods},
  year      = {2015},
  publisher = {Springer International Publishing},
  isbn      = {978-3-319-14784-0},
  doi       = {10.1007/978-3-319-14784-0}
}

