@book{Vázquez2015,
  author    = {Vázquez-Cendón, M. Elena},
  title     = {Solving Hyperbolic Equations with Finite Volume Methods},
  year      = {2015},
  publisher = {Springer International Publishing},
  isbn      = {978-3-319-14784-0},
  doi       = {10.1007/978-3-319-14784-0}
}

@book{Strikwerda2004,
  author    = {Strikwerda, John C.},
  title     = {Finite Difference Schemes and Partial Differential Equations, Second Edition},
  publisher = {Society for Industrial and Applied Mathematics},
  year      = {2004},
  doi       = {10.1137/1.9780898717938}
}

@misc{Almozara2020,
  year     = {2020},
  month    = {6},
  url      = {http://hdl.handle.net/10498/24890},
  title    = {Métodos de volúmenes finitos para ecuaciones hiperbólicas},
  author   = {Almozara Sainz, Gloria}
}

@book{Leveque2002,
  author    = {LeVeque, Randall J.},
  isbn      = {978-0-5210-0924-9},
  month     = {aug},
  publisher = {Cambridge University Press},
  title     = {Finite {V}olume {M}ethods for {H}yperbolic {P}roblems},
  year      = {2002}
}

@book{Evans2010,
  author    = {Evans, Lawrence C.},
  isbn      = {978-1-4704-6942-9},
  edition   = {2},
  publisher = {American Mathematical Society},
  title     = {Partial {Differential} {Equations}},
  year      = {2010}
}

@article{Courant1967,
  author  = {Courant, R. and Friedrichs, K. and Lewy, H.},
  journal = {IBM Journal of Research and Development},
  title   = {On the {P}artial {D}ifference {E}quations of {M}athematical {P}hysics},
  year    = {1967},
  volume  = {11},
  number  = {2},
  pages   = {215-234},
  doi     = {10.1147/rd.112.0215},
  issn    = {0018-8646},
  month   = {March}
}