@article{Quispe2020,
  title   = {Classification of the traveling wave solutions for filtration combustion considering thermal losses},
  journal = {Combustion and Flame},
  volume  = {219},
  pages   = {416-424},
  year    = {2020},
  issn    = {0010-2180},
  doi     = {10.1016/j.combustflame.2020.06.017},
  author  = {Rosmery {Quispe Zavala} and Grigori Chapiro}
}

@book{Godlewski2021,
  author    = {Godlewski, Edwige and Raviart, Pierre-Arnaud},
  title     = {Numerical Approximation of Hyperbolic Systems of Conservation Laws},
  year      = {2021},
  publisher = {Springer New York},
  address   = {New York, NY},
  isbn      = {978-1-0716-1344-3},
  doi       = {10.1007/978-1-0716-1344-3}
}

@book{Toro2024,
  author    = {Toro, Eleuterio F.},
  title     = {Computational Algorithms for Shallow Water Equations},
  year      = {2024},
  publisher = {Springer Nature Switzerland},
  address   = {Cham},
  isbn      = {978-3-031-61395-1},
  doi       = {10.1007/978-3-031-61395-1}
}
