@article{Quispe2020,
  title   = {Classification of the traveling wave solutions for filtration combustion considering thermal losses},
  journal = {Combustion and Flame},
  volume  = {219},
  pages   = {416-424},
  year    = {2020},
  issn    = {0010-2180},
  doi     = {10.1016/j.combustflame.2020.06.017},
  author  = {Rosmery {Quispe Zavala} and Grigori Chapiro}
}

@article{Gargar2020,
  author  = {Gargar, N. Khoshnevis
             and Bruining, J.
             and Kokubun, M. A. Endo
             and Marchesin, D.
             and Mailybaev, A. A.},
  title   = {Combustion in miscible displacement for high-pressure air injection},
  journal = {Computational Geosciences},
  year    = {2020},
  month   = {Aug},
  day     = {01},
  volume  = {24},
  number  = {4},
  pages   = {1663--1672},
  issn    = {1573-1499},
  doi     = {10.1007/s10596-020-09977-y}
}
