@article{Berre2019,
  author  = {Berre, Inga
             and Doster, Florian
             and Keilegavlen, Eirik},
  title   = {Flow in Fractured Porous Media: A Review of Conceptual Models and Discretization Approaches},
  journal = {Transport in Porous Media},
  year    = {2019},
  month   = {Oct},
  day     = {01},
  volume  = {130},
  number  = {1},
  pages   = {215--236},
  issn    = {1573-1634},
  doi     = {10.1007/s11242-018-1171-6}
}

@article{Dudun2024,
  author  = {Dudun, Anireju
             and Feng, Yin},
  title   = {Modeling fluid flow in fractured porous media: a comparative analysis between Darcy--Darcy model and Stokes--Brinkman model},
  journal = {Journal of Petroleum Exploration and Production Technology},
  year    = {2024},
  month   = {Apr},
  day     = {01},
  volume  = {14},
  number  = {4},
  pages   = {909--926},
  issn    = {2190-0566},
  doi     = {10.1007/s13202-023-01743-x}
}

@article{Koval1963,
  author  = {Koval, E.J.},
  title   = {A Method for Predicting the Performance of Unstable Miscible Displacement in Heterogeneous Media},
  journal = {Society of Petroleum Engineers Journal},
  volume  = {3},
  number  = {02},
  pages   = {145-154},
  year    = {1963},
  month   = {06},
  issn    = {0197-7520},
  doi     = {10.2118/450-PA}
}

@article{Buckley1942,
  author  = {Buckley, S.E. and Leverett, M.C.},
  title   = {Mechanism of Fluid Displacement in Sands},
  journal = {Transactions of the AIME},
  volume  = {146},
  number  = {01},
  pages   = {107-116},
  year    = {1942},
  month   = {12},
  issn    = {0081-1696},
  doi     = {10.2118/942107-G}
}

@article{Richards1931,
  author  = {Richards, L. A.},
  title   = {Capillary conduction of liquids through porous mediums},
  journal = {Physics},
  volume  = {1},
  number  = {5},
  pages   = {318-333},
  year    = {1931},
  month   = {11},
  issn    = {0148-6349},
  doi     = {10.1063/1.1745010}
}


@article{Tan2018,
  author         = {Tan, Jinqiang and Song, Hongqing and Zhang, Hailong and Zhu, Qinghui and Xing, Yi and Zhang, Jie},
  title          = {Numerical Investigation on Infiltration and Runoff in Unsaturated Soils with Unsteady Rainfall Intensity},
  journal        = {Water},
  volume         = {10},
  year           = {2018},
  number         = {7},
  article-number = {914},
  issn           = {2073-4441},
  doi            = {10.3390/w10070914}
}

@phdthesis{Cajuhi2019,
  author = {Cajuhi, Tuanny},
  year   = {2019},
  month  = {01},
  title  = {Fracture in porous media: phase-field modeling, simulation and experimental validation},
  doi    = {10.24355/dbbs.084-201903071210-0},
  url    = {https://d-nb.info/1180601521/34}
}

@article{Chueh2010,
  title   = {Multi-level adaptive simulation of transient two-phase flow in heterogeneous porous media},
  journal = {Computers \& Fluids},
  volume  = {39},
  number  = {9},
  pages   = {1585-1596},
  year    = {2010},
  issn    = {0045-7930},
  doi     = {10.1016/j.compfluid.2010.05.011},
  author  = {C.C. Chueh and M. Secanell and W. Bangerth and N. Djilali}
}

@article{Chueh2013,
  author  = {Chueh, Chih-Che and Djilali, Ned and Bangerth, Wolfgang},
  title   = {An {$h$}-Adaptive Operator Splitting Method for Two-Phase Flow in 3D Heterogeneous Porous Media},
  journal = {SIAM Journal on Scientific Computing},
  volume  = {35},
  number  = {1},
  pages   = {B149-B175},
  year    = {2013},
  doi     = {10.1137/120866208}
}

@article{Brinkman1949,
  author  = {Brinkman, H. C.},
  title   = {On the permeability of media consisting of closely packed porous particles},
  journal = {Flow, Turbulence and Combustion},
  year    = {1949},
  month   = {Dec},
  day     = {01},
  volume  = {1},
  number  = {1},
  pages   = {81--86},
  issn    = {1573-1987},
  doi     = {10.1007/BF02120318}
}
