@misc{Clawpack2025,
  title  = {Clawpack software},
  author = {{Clawpack Development Team}},
  url    = {https://www.clawpack.org},
  note   = {Version 5.13.1},
  doi    = {https://doi.org/10.5281/zenodo.17107527},
  year   = {2025}
}

@article{Mandli2016,
  title     = {Clawpack: building an open source ecosystem for solving hyperbolic PDEs},
  author    = {Mandli, Kyle T and Ahmadia, Aron J and Berger, Marsha and Calhoun, Donna
               and George, David L and Hadjimichael, Yiannis and Ketcheson, David I
               and Lemoine, Grady I and LeVeque, Randall J},
  journal   = {PeerJ Computer Science},
  volume    = {2},
  pages     = {e68},
  year      = {2016},
  publisher = {PeerJ Inc.},
  doi       = {10.7717/peerj-cs.68}
}

@misc{Ancey2025,
  title  = {Clawpack: A tutorial for hydraulic applications},
  author = {Christophe Ancey},
  note   = {Draft version v2.3},
  url    = {https://en.ancey.ch/cours/doctorat/tutorial_clawpack.pdf},
  year   = {2025}
}
