@article{Gargar2020,
  author  = {Gargar, N. Khoshnevis
             and Bruining, J.
             and Kokubun, M. A. Endo
             and Marchesin, D.
             and Mailybaev, A. A.},
  title   = {Combustion in miscible displacement for high-pressure air injection},
  journal = {Computational Geosciences},
  year    = {2020},
  month   = {Aug},
  day     = {01},
  volume  = {24},
  number  = {4},
  pages   = {1663--1672},
  issn    = {1573-1499},
  doi     = {10.1007/s10596-020-09977-y}
}

@article{Storey2022,
  author         = {Storey, Benjamin M. and Worden, Richard H. and McNamara, David D.},
  title          = {The Geoscience of In-Situ Combustion and High-Pressure Air Injection},
  journal        = {Geosciences},
  volume         = {12},
  year           = {2022},
  number         = {9},
  article-number = {340},
  issn           = {2076-3263},
  doi            = {10.3390/geosciences12090340}
}

@phdthesis{booth2008a,
  publisher = {University of Oxford},
  school    = {University of Oxford},
  title     = {Miscible flow through porous media},
  author    = {Booth, Richard},
  doi       = {10.5287/ora-qz7kmdy2r},
  year      = {2008}
}

@article{Koval1963,
  author  = {Koval, E.J.},
  title   = {A Method for Predicting the Performance of Unstable Miscible Displacement in Heterogeneous Media},
  journal = {Society of Petroleum Engineers Journal},
  volume  = {3},
  number  = {02},
  pages   = {145-154},
  year    = {1963},
  month   = {06},
  issn    = {0197-7520},
  doi     = {10.2118/450-PA}
}