@book{Hackbusch2017,
  author    = {Hackbusch, Wolfgang},
  title     = {Elliptic Differential Equations: Theory and Numerical Treatment},
  year      = {2017},
  publisher = {Springer Berlin Heidelberg},
  address   = {Berlin, Heidelberg},
  isbn      = {978-3-662-54961-2},
  doi       = {10.1007/978-3-662-54961-2}
}

@book{LeDret2016,
  author    = {Le Dret, Herv√© and Lucquin, Brigitte},
  title     = {Partial Differential Equations: Modeling, Analysis and Numerical Approximation},
  year      = {2016},
  publisher = {Springer International Publishing},
  address   = {Cham},
  isbn      = {978-3-319-27067-8},
  doi       = {10.1007/978-3-319-27067-8}
}

@book{Adler2025,
  author    = {Adler, James H. and De Sterck, Hans and MacLachlan, Scott and Olson, Luke},
  title     = {Numerical Partial Differential Equations},
  publisher = {Society for Industrial and Applied Mathematics},
  year      = {2025},
  doi       = {10.1137/1.9781611978285},
  address   = {Philadelphia, PA},
  edition   = {1}
}

@article{Saeed2025,
  author         = {Saeed, Abdulkafi Mohammed and Alfawaz, Thekra Abdullah Fayez},
  title          = {Finite Volume Method and Its Applications in Computational Fluid Dynamics},
  journal        = {Axioms},
  volume         = {14},
  year           = {2025},
  number         = {5},
  article-number = {359},
  issn           = {2075-1680},
  doi            = {10.3390/axioms14050359}
}
