@book{Rudin1979,
  author    = {Rudin, Walter},
  title     = {Análisis funcional},
  publisher = {Editorial Reverté},
  year      = {1979},
  isbn      = {978-84-291-5115-2}
}

@book{Ovchinnikov2018,
  author    = {Ovchinnikov, Sergei},
  title     = {Functional Analysis: An Introductory Course},
  year      = {2018},
  publisher = {Springer International Publishing},
  address   = {Cham},
  isbn      = {978-3-319-91512-8},
  doi       = {10.1007/978-3-319-91512-8},
  url       = {https://doi.org/10.1007/978-3-319-91512-8}
}

@book{Breit2025,
  author    = {Breit, Dominic and Gmeineder, Franz},
  title     = {A Course on Function Spaces I},
  year      = {2025},
  publisher = {Springer Nature Switzerland},
  address   = {Cham},
  isbn      = {978-3-030-80642-2},
  doi       = {10.1007/978-3-031-35032-0_1}
}

@book{Lewin2024,
  author    = {Lewin, Mathieu},
  title     = {Spectral Theory and Quantum Mechanics},
  year      = {2024},
  publisher = {Springer International Publishing},
  address   = {Cham},
  isbn      = {978-3-031-66878-4},
  doi       = {10.1007/978-3-031-66878-4},
  url       = {https://doi.org/10.1007/978-3-031-66878-4}
}

@book{Moroşanu2019,
  author    = {Moro{\c{s}}anu, Gheorghe},
  title = {Functional Analysis for the Applied Sciences},
  year      = {2019},
  publisher = {Springer International Publishing},
  address   = {Cham},
  isbn      = {978-3-030-27153-4},
  doi       = {10.1007/978-3-030-27153-4},
  url       = {https://doi.org/10.1007/978-3-030-27153-4}
}