@book{Hesthaven2018,
  author    = {Hesthaven, Jan S.},
  title     = {Numerical {Methods} for {Conservation} {Laws}},
  publisher = {Society for Industrial and Applied Mathematics},
  series    = {Computational {Science} \& {Engineering}},
  year      = {2018},
  month     = {feb},
  isbn      = {978-1-61197-509-3},
  doi       = {10.1137/1.9781611975109},
  address   = {Philadelphia, PA}
}

@book{Vázquez2015,
  author    = {Vázquez-Cendón, M. Elena},
  title     = {Solving Hyperbolic Equations with Finite Volume Methods},
  year      = {2015},
  publisher = {Springer International Publishing},
  isbn      = {978-3-319-14784-0},
  doi       = {10.1007/978-3-319-14784-0}
}

@book{Danaila2023,
  author    = {Danaila, Ionut
               and Joly, Pascal
               and Kaber, Sidi Mahmoud
               and Postel, Marie},
  title     = {An Introduction to Scientific Computing: Fifteen Computational Projects Solved with MATLAB},
  year      = {2023},
  publisher = {Springer International Publishing},
  address   = {Cham},
  isbn      = {978-3-031-35032-0},
  doi       = {10.1007/978-3-031-35032-0_1}
}

@book{Toro2024,
  author    = {Toro, Eleuterio F.},
  title     = {Computational Algorithms for Shallow Water Equations},
  year      = {2024},
  publisher = {Springer Nature Switzerland},
  address   = {Cham},
  isbn      = {978-3-031-61395-1},
  doi       = {10.1007/978-3-031-61395-1}
}

@book{Toro2009,
  author    = {Toro, Eleuterio F.},
  title     = {Riemann Solvers and Numerical Methods for Fluid Dynamics: A Practical Introduction},
  year      = {2009},
  publisher = {Springer Berlin Heidelberg},
  address   = {Berlin, Heidelberg},
  isbn      = {978-3-540-49834-6},
  doi       = {10.1007/b79761_13}
}

@book{Godlewski2021,
  author    = {Godlewski, Edwige
               and Raviart, Pierre-Arnaud},
  title     = {Numerical Approximation of Hyperbolic Systems of Conservation Laws},
  year      = {2021},
  publisher = {Springer New York},
  address   = {New York, NY},
  isbn      = {978-1-0716-1344-3},
  doi       = {10.1007/978-1-0716-1344-3}
}

@book{Leveque2002,
  author    = {LeVeque, Randall J.},
  isbn      = {978-0-5210-0924-9},
  month     = {aug},
  publisher = {Cambridge University Press},
  title     = {Finite {V}olume {M}ethods for {H}yperbolic {P}roblems},
  doi       = {10.1017/CBO9780511791253},
  year      = {2002}
}

@book{Vázquez2011,
  author    = {Vázquez-Cendón, M. Elena},
  title     = {Lecture Notes on Numerical Methods for Hyperbolic Equations},
  year      = {2011},
  publisher = {CRC Press},
  isbn      = {978-0-429-21185-0},
  doi       = {10.1201/b18130}
}


@book{Ketcheson2020,
  author    = {Ketcheson, David I. and LeVeque, Randall J. and del Razo, Mauricio J.},
  title     = {Riemann Problems and Jupyter Solutions},
  publisher = {Society for Industrial and Applied Mathematics},
  year      = {2020},
  doi       = {10.1137/1.9781611976212},
  address   = {Philadelphia, PA}
}

@misc{Zingale2024,
  title  = {Introduction to Computational Astrophysical Hydrodynamics},
  author = {Michael Zingale},
  url    = {https://open-astrophysics-bookshelf.github.io/numerical_exercises},
  year   = {2024}
}

@misc{Ancey2025,
  title  = {Clawpack: A tutorial for hydraulic applications},
  author = {Christophe Ancey},
  note   = {Draft version v2.3},
  url    = {https://en.ancey.ch/cours/doctorat/tutorial_clawpack.pdf},
  year   = {2025}
}

@book{Evans2010,
  author    = {Evans, Lawrence C.},
  isbn      = {978-1-4704-6942-9},
  edition   = {2},
  publisher = {American Mathematical Society},
  title     = {Partial {Differential} {Equations}},
  year      = {2010}
}
