@book{Vázquez2015,
  author    = {Vázquez-Cendón, M. Elena},
  title     = {Solving Hyperbolic Equations with Finite Volume Methods},
  year      = {2015},
  publisher = {Springer International Publishing},
  isbn      = {978-3-319-14784-0},
  doi       = {10.1007/978-3-319-14784-0}
}
